%%%%%%%%%%%%%%%%
%%% overview %%%
%%%%%%%%%%%%%%%%

@article{fujiwara1990,
   incitefulid = {14443124},
   title = {Introduction to Quasicrystals},
   magid = {2475973746},
   url = {http://doi.org/10.1007/978-3-642-84253-5_1},
   doi = {10.1007/978-3-642-84253-5_1},
   author = {Takeo Fujiwara},
   year = {1990}
}

@article{stein2013,
   incitefulid = {41312817},
   title = {Quasicrystals: a brief history of the impossible},
   magid = {2079270617},
   url = {http://doi.org/10.1007/s12210-012-0203-3},
   doi = {10.1007/s12210-012-0203-3},
   author = {Paul J. Steinhardt},
   year = {2013},
   volume = {24},
   issue = {1}
}

@article{pina2016,
   incitefulid = {178988904},
   title = {Quasicrystals and Other Aperiodic Structures in Mineralogy},
   magid = {2544604735},
   url = {http://doi.org/10.3390/cryst6110137},
   doi = {10.3390/cryst6110137},
   author = {Carlos M. Pina and Victoria López-Acevedo},
   year = {2016},
   volume = {6},
   issue = {11}
}

@article{kelton1993,
   incitefulid = {78001114},
   title = {Quasicrystals: structure and stability},
   magid = {2081004893},
   url = {http://doi.org/10.1179/imr.1993.38.3.105},
   doi = {10.1179/imr.1993.38.3.105},
   author = {Kenneth F. Kelton},
   year = {1993},
   journal = {International Materials Reviews},
   volume = {38},
   issue = {3}
}



%%%%%%%%%%%%%%%
%%% Penrose %%%
%%%%%%%%%%%%%%%

@article{penrose1974,
     author = {Roger Penrose},
     title = {The Role of Aesthetics in Pure and Applied Mathematical Research},
     journal = {Bulletin of the Institute of Mathematics and Its Applications}, 
     volume = {10},
     number = {2},
     year = {1974},
     pages = {266-271}
}

@article{penrose1979,
    author = {Roger Penrose},
    title = {Pentaplexity: A  Class of Non-Periodic Tilings of the Plane},
    doi = {10.1007/BF03024384},
    journal = {The Mathematical Intelligencer},
    volume = {2},
    pages = {32-37},
    year = {1979}
}

@misc{penrose-patent,
    author = {Roger Penrose},
    title = {Set of tiles for covering a surface},
    number = {US4133152A},
    country = {United States},
    year = {1979},
    url = {https://worldwide.espacenet.com/patent/search/family/010251048/publication/US4133152A?q=pn\%3DUS4133152}
}

@article{dietl2017,
    author = {Dietl, R.M.K., Eschenburg, JH.},
    title = {The icosahedral quasiperiodic tiling and its self-similarity}, 
    journal = {Journal of Geometry},
    volume = {108},
    pages = {319-354},
    year = {2017},
    doi = {10.1007/s00022-016-0342-2}
}



%%%%%%%%%%%%%%%%%
%%% Shechtman %%%
%%%%%%%%%%%%%%%%%

@article{shechtman,
   incitefulid = {151885663},
   title = {The microstructure of rapidly solidified Al 6 Mn},
   magid = {1976974439},
   url = {http://doi.org/10.1007/bf02811670},
   doi = {10.1007/bf02811670},
   author = {Dan Shechtman and I. A. Blech},
   year = {1985},
   journal = {Metallurgical and Materials Transactions A-physical Metallurgy and Materials Science},
   volume = {16},
   issue = {6}
}



%%%%%%%%%%%%%%%%%%%%%%%%%%
%%% Steinhardt / Bindi %%%
%%%%%%%%%%%%%%%%%%%%%%%%%%

@article{stein2012search,
   incitefulid = {46173756},
   title = {In search of natural quasicrystals.},
   magid = {2159561662},
   url = {http://doi.org/10.1088/0034-4885/75/9/092601},
   doi = {10.1088/0034-4885/75/9/092601},
   author = {Paul J. Steinhardt and Luca Bindi},
   year = {2012},
   journal = {Reports on Progress in Physics},
   volume = {75},
   issue = {9}
}

@article{stein2015,
   incitefulid = {50444585},
   title = {Natural quasicrystal with decagonal symmetry},
   magid = {2052847609},
   url = {http://doi.org/10.1038/srep09111},
   doi = {10.1038/srep09111},
   author = {Luca Bindi and Nan Yao and Chaney Lin and Lincoln S. Hollister and Christopher L. Andronicos and V. V. Distler and Michael P. Eddy and Alexander Kostin and Valery Kryachko and Glenn J. MacPherson and William Steinhardt and Marina A. Yudovskaya and Paul J. Steinhardt},
   year = {2015},
   journal = {Scientific Reports},
   volume = {5},
   issue = {1}
}

@article{stein2016,
   incitefulid = {43588046},
   title = {Collisions in outer space produced an icosahedral phase in the Khatyrka meteorite never observed previously in the laboratory.},
   magid = {2560362586},
   url = {http://doi.org/10.1038/srep38117},
   doi = {10.1038/srep38117},
   author = {Luca Bindi and Chaney Lin and Chi Ma and Paul J. Steinhardt},
   year = {2016},
   journal = {Scientific Reports},
   volume = {6},
   issue = {1}
}

@article{stein1984,
   incitefulid = {29388139},
   title = {Quasicrystals: a new class of ordered structures},
   magid = {1974775577},
   url = {http://doi.org/10.1103/physrevlett.53.2477},
   doi = {10.1103/physrevlett.53.2477},
   author = {Dov Levine and Paul J. Steinhardt},
   year = {1984},
   journal = {Physical Review Letters},
   volume = {53},
   issue = {26}
}

@article{stein2014,
   incitefulid = {167599391},
   title = {Impact-induced shock and the formation of natural quasicrystals in the early solar system},
   magid = {2099658346},
   url = {http://doi.org/10.1038/ncomms5040},
   doi = {10.1038/ncomms5040},
   author = {Lincoln S. Hollister and Luca Bindi and Nan Yao and Gerald Poirier and Christopher L. Andronicos and Glenn J. MacPherson and Chaney Lin and V. V. Distler and Michael P. Eddy and Alexander Kostin and Valery Kryachko and William Steinhardt and Marina A. Yudovskaya and John M. Eiler and Yunbin Guan and Jamil J. Clarke and Paul J. Steinhardt},
   year = {2014},
   journal = {Nature Communications},
   volume = {5},
   issue = {1}
}

@article{stein2012evidence,
   incitefulid = {94205191},
   title = {Evidence for the extraterrestrial origin of a natural quasicrystal},
   magid = {1997425918},
   url = {http://doi.org/10.1073/pnas.1111115109},
   doi = {10.1073/pnas.1111115109},
   author = {Luca Bindi and John M. Eiler and Yunbin Guan and Lincoln S. Hollister and Glenn J. MacPherson and Paul J. Steinhardt and Nan Yao},
   year = {2012},
   journal = {Proceedings of the National Academy of Sciences of the United States of America},
   volume = {109},
   issue = {5}
}



%%%%%%%%%%%%%%%%%%%
%%% experiments %%%
%%%%%%%%%%%%%%%%%%%

@article{heatcap,
   incitefulid = {144768854},
   title = {Heat capacities of icosahedral and hexagonal phases of Zn-Mg-Y system},
   magid = {2007500089},
   url = {http://doi.org/10.1016/s0921-5093(00)01322-8},
   doi = {10.1016/s0921-5093(00)01322-8},
   author = {Akira Inaba and H. Takakura and An Pang Tsai and Ian R. Fisher and P. C. Canfield},
   year = {2000},
   journal = {Materials Science and Engineering A-structural Materials Properties Microstructure and Processing}
}



%%%%%%%%%%%%%%%%%%%%%%%
%%% crystallography %%%
%%%%%%%%%%%%%%%%%%%%%%%

@article{mackay,
   incitefulid = {26734310},
   title = {Crystallography and the penrose pattern},
   magid = {2002123064},
   url = {http://doi.org/10.1016/0378-4371(82)90359-4},
   doi = {10.1016/0378-4371(82)90359-4},
   author = {Alan L. Mackay},
   year = {1982},
   journal = {Physica A-statistical Mechanics and Its Applications},
   volume = {114},
   issue = {1}
}

@article{bindi2019,
   incitefulid = {182766840},
   title = {Natural versus synthetic quasicrystals: analogies and differences in the optical behavior of icosahedral and decagonal quasicrystals},
   magid = {2982430432},
   url = {http://doi.org/10.1007/s12210-019-00859-9},
   doi = {10.1007/s12210-019-00859-9},
   author = {Luca Bindi and Chris J. Stanley},
   year = {2020},
   journal = {Rendiconti Lincei-scienze Fisiche E Naturali},
   volume = {31},
   issue = {1}
}



%%%%%%%%%%%%%%%%
%%% dynamics %%%
%%%%%%%%%%%%%%%%

@article{spin,
   incitefulid = {34952739},
   title = {Spin waves in planar quasicrystal of Penrose tiling},
   magid = {2584160031},
   url = {http://doi.org/10.1016/j.jmmm.2017.03.029},
   doi = {10.1016/j.jmmm.2017.03.029},
   author = {Justyna Rychły and Szymon Mieszczak and Jarosław W. Kłos},
   year = {2018},
   journal = {Journal of Magnetism and Magnetic Materials},
   volume = {450}
}

@article{operators,
   incitefulid = {134967811},
   title = {Aperiodic Schrödinger Operators},
   magid = {2477862247},
   url = {http://doi.org/10.1007/978-94-015-8784-6_11},
   doi = {10.1007/978-94-015-8784-6_11},
   author = {T. Janssen},
   year = {1997}
}

@article{transport,
   incitefulid = {19483258},
   title = {Dynamics and Transport Properties of Aperiodic Crystals},
   magid = {2199459052},
   url = {http://doi.org/10.1007/978-3-662-04253-3_1},
   doi = {10.1007/978-3-662-04253-3_1},
   author = {T.J.B.M. Janssen},
   year = {2000}
}

@article{group,
   incitefulid = {146917472},
   title = {A simple algorithm for the group theoretical classification of quantum states},
   magid = {2122314583},
   url = {http://doi.org/10.1016/s0096-3003(01)00226-0},
   doi = {10.1016/s0096-3003(01)00226-0},
   author = {E. Yépez and Alipio G. Calles and J. J. Castro},
   year = {2002},
   journal = {Applied Mathematics and Computation},
   volume = {133},
   issue = {1}
}

@article{antiferro,
   incitefulid = {118355793},
   title = {Quasiperiodic Heisenberg antiferromagnets in two dimensions},
   magid = {1970347901},
   url = {http://doi.org/10.1140/epjb/e2012-21003-x},
   doi = {10.1140/epjb/e2012-21003-x},
   author = {Anuradha Jagannathan},
   year = {2012},
   journal = {European Physical Journal B},
   volume = {85},
   issue = {2}
}

@article{antiferromag2,
   incitefulid = {150115899},
   title = {Heisenberg Antiferromagnetic model on 2D quasiperiodic tilings},
   magid = {2740131637},
   author = {Didier Mayou and Timothy Ziman},
   year = {2009}
}



%%%%%%%%%%%%%%%
%%% Phonons %%%
%%%%%%%%%%%%%%%

@article{phonon-hafner,
   incitefulid = {26470389},
   title = {Propagating and confined vibrational excitations in quasicrystals},
   magid = {1972569329},
   url = {http://doi.org/10.1088/0953-8984/5/16/008},
   doi = {10.1088/0953-8984/5/16/008},
   author = {Jürgen Hafner and Marian Krajčí},
   year = {1993},
   journal = {Journal of Physics: Condensed Matter},
   volume = {5},
   issue = {16}
}

@article{phonon-rudenko,
   incitefulid = {69376527},
   title = {Calculation of vibrational spectra of an icosahedral quasicrystal AlCuFe},
   magid = {2091935932},
   url = {http://doi.org/10.1134/s1063774507060156},
   doi = {10.1134/s1063774507060156},
   author = {A. N. Rudenko and V. G. Mazurenko},
   year = {2007},
   journal = {Crystallography Reports},
   volume = {52},
   issue = {6}
}

@article{phonon-janssen,
   incitefulid = {73547212},
   title = {Computer Simulations of Lattice Dynamics in Quasicrystals},
   magid = {336421771},
   url = {http://doi.org/10.1007/978-3-662-05028-6_21},
   doi = {10.1007/978-3-662-05028-6_21},
   author = {Ted Janssen},
   year = {2002}
}

@article{phonon-simon,
   incitefulid = {81521449},
   title = {Phonon-spectrum of an F-type icosahedral quasicrystal},
   magid = {2007008447},
   url = {http://doi.org/10.1007/bf01320852},
   doi = {10.1007/bf01320852},
   author = {Harald Simon and Michael Baake and Peter Kramer},
   year = {1995},
   journal = {European Physical Journal B},
   volume = {98},
   issue = {4}
}
