@article{34952739,
   incitefulid = {34952739},
   title = {Spin waves in planar quasicrystal of Penrose tiling},
   magid = {2584160031},
   url = {http://doi.org/10.1016/j.jmmm.2017.03.029},
   doi = {10.1016/j.jmmm.2017.03.029},
   author = {Justyna Rychły and Szymon Mieszczak and Jarosław W. Kłos},
   year = {2018},
   journal = {Journal of Magnetism and Magnetic Materials},
   volume = {450}
}

@article{134967811,
   incitefulid = {134967811},
   title = {Aperiodic Schrödinger Operators},
   magid = {2477862247},
   url = {http://doi.org/10.1007/978-94-015-8784-6_11},
   doi = {10.1007/978-94-015-8784-6_11},
   author = {T. Janssen},
   year = {1997}
}

@article{19483258,
   incitefulid = {19483258},
   title = {Dynamics and Transport Properties of Aperiodic Crystals},
   magid = {2199459052},
   url = {http://doi.org/10.1007/978-3-662-04253-3_1},
   doi = {10.1007/978-3-662-04253-3_1},
   author = {T.J.B.M. Janssen},
   year = {2000}
}

@article{146917472,
   incitefulid = {146917472},
   title = {A simple algorithm for the group theoretical classification of quantum states},
   magid = {2122314583},
   url = {http://doi.org/10.1016/s0096-3003(01)00226-0},
   doi = {10.1016/s0096-3003(01)00226-0},
   author = {E. Yépez and Alipio G. Calles and J. J. Castro},
   year = {2002},
   journal = {Applied Mathematics and Computation},
   volume = {133},
   issue = {1}
}

@article{118355793,
   incitefulid = {118355793},
   title = {Quasiperiodic Heisenberg antiferromagnets in two dimensions},
   magid = {1970347901},
   url = {http://doi.org/10.1140/epjb/e2012-21003-x},
   doi = {10.1140/epjb/e2012-21003-x},
   author = {Anuradha Jagannathan},
   year = {2012},
   journal = {European Physical Journal B},
   volume = {85},
   issue = {2}
}

@article{150115899,
   incitefulid = {150115899},
   title = {Heisenberg Antiferromagnetic model on 2D quasiperiodic tilings},
   magid = {2740131637},
   author = {Didier Mayou and Timothy Ziman},
   year = {2009}
}

@article{26470389,
   incitefulid = {26470389},
   title = {Propagating and confined vibrational excitations in quasicrystals},
   magid = {1972569329},
   url = {http://doi.org/10.1088/0953-8984/5/16/008},
   doi = {10.1088/0953-8984/5/16/008},
   author = {Jürgen Hafner and Marian Krajčí},
   year = {1993},
   journal = {Journal of Physics: Condensed Matter},
   volume = {5},
   issue = {16}
}

@article{69376527,
   incitefulid = {69376527},
   title = {Calculation of vibrational spectra of an icosahedral quasicrystal AlCuFe},
   magid = {2091935932},
   url = {http://doi.org/10.1134/s1063774507060156},
   doi = {10.1134/s1063774507060156},
   author = {A. N. Rudenko and V. G. Mazurenko},
   year = {2007},
   journal = {Crystallography Reports},
   volume = {52},
   issue = {6}
}

@article{73547212,
   incitefulid = {73547212},
   title = {Computer Simulations of Lattice Dynamics in Quasicrystals},
   magid = {336421771},
   url = {http://doi.org/10.1007/978-3-662-05028-6_21},
   doi = {10.1007/978-3-662-05028-6_21},
   author = {Ted Janssen},
   year = {2002}
}

@article{81521449,
   incitefulid = {81521449},
   title = {Phonon-spectrum of an F-type icosahedral quasicrystal},
   magid = {2007008447},
   url = {http://doi.org/10.1007/bf01320852},
   doi = {10.1007/bf01320852},
   author = {Harald Simon and Michael Baake and Peter Kramer},
   year = {1995},
   journal = {European Physical Journal B},
   volume = {98},
   issue = {4}
}

@article{144768854,
   incitefulid = {144768854},
   title = {Heat capacities of icosahedral and hexagonal phases of Zn–Mg–Y system},
   magid = {2007500089},
   url = {http://doi.org/10.1016/s0921-5093(00)01322-8},
   doi = {10.1016/s0921-5093(00)01322-8},
   author = {Akira Inaba and H. Takakura and An Pang Tsai and Ian R. Fisher and P. C. Canfield},
   year = {2000},
   journal = {Materials Science and Engineering A-structural Materials Properties Microstructure and Processing}
}

@article{3315939,
   incitefulid = {3315939},
   title = {Phonons in models for icosahedral quasicrystals : low frequency behaviour and inelastic scattering properties},
   magid = {2111699938},
   url = {http://doi.org/10.1051/jp1:1993190},
   doi = {10.1051/jp1:1993190},
   author = {Joop Los and Ted Janssen and Franz Gähler},
   year = {1993},
   journal = {Journal De Physique I},
   volume = {3},
   issue = {6}
}

